%
% BibTex Database
% ===========================================================================
% This is part of the document "Project documentation template".
% Authors: brd3
%


@misc{MiKTeX,
  author = {Christian Schenk},
  title = {{MiKTeX Project Page}},
  url = {http://www.miktex.org/},
}

@misc{KOMA,
  title = {{KOMAScript} documentation project},
  url = {http://koma-script.net.tf},
  key = {KOMA}
}

@misc{TeXnicCenter,
  author = {Sven Wiegand},
  title = {{TeXnicCenter}},
  url = {http://www.TeXnicCenter.org/},
}


@booklet{Erbsland08,
    author = {Tobias Erbsland and Andreas Nitsch},
    title = {Diplomarbeit mit {LaTeX}},
    volume = {1.12},
    year = {2008},
    url = {http://drzoom.ch/project/dml/},
}

@techreport{projekt2,
    author = {Gabor Tanz and Patrick Hirt},
    title = {Projekt 2: {Aufbau} einer {DSS} {Infrastruktur}},
    institution = {Bern University of Applied Sciences},
    year = {2018},
}

@misc{playframework,
    title = {Play: The High Velocity Web Framework for Scala and Java},
    url = {https://www.playframework.com/},
}

@misc{scalalang,
    title = {Scala: The Scalable Programming Language},
    url = {https://www.scala-lang.org/},
}

@misc{flutterframework,
    title = {Flutter Mobile Application Development Framework},
    url = {https://flutter.dev/},
}

@misc{subtlecrypto,
    title = {Web Crypto APIs: The SubtleCrypto Class},
    url = {https://developer.mozilla.org/en-US/docs/Web/API/SubtleCrypto},
}

@misc{cryptojs,
    title = {Google CryptoJS: A JavaScript implementation of standard and secure cryptographic algorithms},
    url = {https://cryptojs.gitbook.io/docs/},
}

@misc{cors,
    title = {CORS: Cross-origin Resource Sharing},
    url = {https://developer.mozilla.org/en-US/docs/Web/HTTP/CORS/Errors/CORSRequestNotHttp}
}

@misc{lolnogoroutines,
    title = {Post on Google Groups, WASM specification impeding Goroutines},
    url = {https://groups.google.com/d/msg/golang-nuts/YJefPwnzpzQ/Lm5NznW3DQAJ}
}

@misc{loltypes,
    title = {TypeScript: A typed superset of JavaScript that compiles to plain JavaScript},
    url = {https://www.typescriptlang.org/}
}

@techreport{nistdigitalidentityguidelines,
    author = {Paul A. Grassi and Michael E. Garcia and James L. Fenton},
    title = {NIST Special Publication 800-63-3: Digital Identity Guidelines},
    institution = {National Institute of Standards and Technology},
    year = {2017},
}

@misc{zertes,
    author = {{Office of the Swiss Federal Chancellery}},
    title = {{Loi fédérale sur les services de certification dans le domaine de la signature électronique et des autres applications des certificats numériques}},
    url = {https://www.admin.ch/opc/fr/classified-compilation/20131913/index.html}
}

@misc{vzertes,
    author = {{Swiss Federal Council}},
    title = {{Ordonnance sur les services de certification dans le domaine de la signature électronique et des autres applications des certificats numériques}},
    url = {https://www.admin.ch/opc/fr/classified-compilation/20162168/index.html}
}
