%
% BibTex Database
% ===========================================================================
% This is part of the document "Project documentation template".
% Authors: brd3
%


@misc{MiKTeX,
  author = {Christian Schenk},
  title = {{MiKTeX Project Page}},
  url = {http://www.miktex.org/},
}

@misc{KOMA,
  title = {{KOMAScript} documentation project},
  url = {http://koma-script.net.tf},
  key = {KOMA}
}

@misc{TeXnicCenter,
  author = {Sven Wiegand},
  title = {{TeXnicCenter}},
  url = {http://www.TeXnicCenter.org/},
}


@booklet{Erbsland08,
    author = {Tobias Erbsland and Andreas Nitsch},
    title = {Diplomarbeit mit {LaTeX}},
    volume = {1.12},
    year = {2008},
    url = {http://drzoom.ch/project/dml/},
}

