%
% BibTex Database
% ===========================================================================
% This is part of the document "Project documentation template".
% Authors: brd3
%


@misc{MiKTeX,
    author = {Christian Schenk},
    title = {{ MiKTeX Project Page }},
    url = {http://www.miktex.org/},
}

@misc{KOMA,
    title = {{ KOMAScript } documentation project},
    url = {http://koma-script.net.tf},
    key = {KOMA}
}

@misc{TeXnicCenter,
    author = {Sven Wiegand},
    title = {{ TeXnicCenter }},
    url = {http://www.TeXnicCenter.org/},
}


@booklet{Erbsland08,
    author = {Tobias Erbsland and Andreas Nitsch},
    title = {Diplomarbeit mit { LaTeX }},
    volume = {1.12},
    year = {2008},
    url = {http://drzoom.ch/project/dml/},
}

@techreport{projekt2,
    author = {Gabor Tanz, Patrick Hirt},
    title = {Projekt 2: Aufbau einer DSS Infrastruktur},
    institution = {Bern University of Applied Sciences},
    year = {2018},
}

@techreport{etsipades,
    author = {European Telecommunications Standards Institute ETSI},
    title = {ETSI TS 102 778-1 V1.1.1: Electronic Signatures and Infrastructures (ESI): PDF Advanced Electronic Signature Profiles},
    institution = {ETSI},
    year = {2009},
}

@techreport{bls,
    author = {D. Boneh and C. Gentry and H. Shacham and B. Lynn},
    title = {Aggregate and Verifiably Encrypted Signatures from Bilinear Maps},
    institution = {Eurocrypt 2003, LNCS 2656},
    year = {2003},
}

@misc{playframework,
    title = {Play: The High Velocity Web Framework for Scala and Java},
    url = {https://www.playframework.com/},
}

@misc{scalalang,
    title = {Scala: The Scalable Programming Language},
    url = {https://www.scala-lang.org/},
}

@misc{flutterframework,
    title = {Flutter Mobile Application Development Framework},
    url = {https://flutter.dev/},
}

@misc{subtlecrypto,
    title = {Web Crypto APIs: The SubtleCrypto Class},
    url = {https://developer.mozilla.org/en-US/docs/Web/API/SubtleCrypto},
}

@misc{cryptojs,
    title = {Google CryptoJS: A JavaScript implementation of standard and secure cryptographic algorithms},
    url = {https://cryptojs.gitbook.io/docs/},
}

@misc{cors,
    title = {CORS: Cross-origin Resource Sharing},
    url = {https://developer.mozilla.org/en-US/docs/Web/HTTP/CORS/Errors/CORSRequestNotHttp}
}

@misc{lolnogoroutines,
    title = {Post on Google Groups, WASM specification impeding Goroutines},
    url = {https://groups.google.com/d/msg/golang-nuts/YJefPwnzpzQ/Lm5NznW3DQAJ}
}

@misc{loltypes,
    title = {TypeScript: A typed superset of JavaScript that compiles to plain JavaScript},
    url = {https://www.typescriptlang.org/}
}

@misc{yubihsm,
    title = {YubiHSM},
    url = {https://www.yubico.com/product/yubihsm-2/}
}

@misc{yubihsm-shell,
    title = {YubiHSM Shell},
    url = {https://developers.yubico.com/YubiHSM2/Component_Reference/yubihsm-shell/}
}

@misc{libyubihsm,
    title = {Libyubihsm},
    url = {https://developers.yubico.com/YubiHSM2/Component_Reference/yubihsm-shell/}
}

@misc{yubihsm-pkcs11,
    title = {PKCS\#11 with YubiHSM 2},
    url = {https://developers.yubico.com/YubiHSM2/Component_Reference/PKCS_11/}
}

@misc{hashing,
    title = {Randomized Hashing and Digital Signatures},
    author = {Shai Halevi and Hugo Krawczyk},
    url = {http://www.ee.technion.ac.il/~hugo/rhash/}
}

@misc{csc-spec,
    title = {Architectures and protocols for remote signature applications},
    url = {https://cloudsignatureconsortium.org/resources/download-api-specifications/}
}

@misc{adobe-cloud-sign,
    title = {Adobe Digital Signatures FAQ},
    url = {https://acrobat.adobe.com/us/en/sign/capabilities/digital-signatures-faq.html}
}

@misc{kotlin,
    title = {The Kotlin Programming Language},
    url = {https://kotlinlang.org}
}

@misc{ktor,
    title = {Ktor: asynchronous Web framework for Kotlin},
    url = {https://ktor.io/}
}

@misc{golang,
    title = {The Go Programming Language},
    url = {https://golang.org/}
}

@misc{webpack,
    title = {Webpack Module Bundler},
    url = {https://webpack.js.org/}
}
